@book{ref-book,
    author         = {Eric Matthes},
    title          = {Python Crash Course},
    year           = {2016},
    publisher      = {William Pollock}
}
@online{md-reference,
    author       = {},
    date         = {},
    doi          = {},
    editor       = {},
    eprint       = {},
    title        = {Basic md formatting},
    url          = {https://docs.github.com/en/get-started/writing-on-github/getting-started-with-writing-and-formatting-on-github/basic-writing-and-formatting-syntax},
    year         = {}
}
@online{menu-geeksforgeeks,
    author       = {},
    date         = {06-04-24},
    doi          = {},
    editor       = {},
    eprint       = {},
    title        = {Create start menu in pygame},
    url          = {https://www.geeksforgeeks.org/creating-start-menu-in-pygame/},
    year         = {}
}
@online{key,
    author       = {},
    date         = {14-04-24},
    doi          = {},
    editor       = {},
    eprint       = {},
    title        = {Pygame Documentation},
    url          = {https://www.pygame.org/docs/},
    year         = {}
}